@article{ ref1,
    author = "Altschuler, J. and Bach, F. and Rudi, A. and Niles-Weed, J.",
    title = "Massively scalable Sinkhorn distances via the Nyström method",
    journal = "arXiv preprint arXiv:1812.05189", 
    year = "2019",
    url = "https://arxiv.org/abs/1812.05189", 
}

@article{ ref2,
    author = "Peyré, G. and Cuturi, M.",
    title = "Computational Optimal Transport",
    journal ="arXiv preprint arXiv:1803.00567", 
    year = "2020",
    url = "https://doi.org/10.1109/ICIP.2014.7025983"
}

@article{ ref3,
    author = "Rabin et at",
    title = "Adaptive color transfer with relaxed optimal transport",
    journal = "IEEE Int. Conf. Imag. Process",
    year = "2014",
    url = "https://doi.org/10.1109/ICIP.2014.7025983"
}

 @misc{ entropy,
    author = "Wikipedia contributors",
    title = "Entropy (information theory) --- {Wikipedia}{,} The Free Encyclopedia",
    year = "2022",
    howpublished = "\url{https://en.wikipedia.org/w/index.php?title=Entropy_(information_theory)&oldid=1120177669}",
    note = "[Online; accessed 9-novembre-2022]"
  }
  
 @misc{ lagrange,
    author = "appliedprobability",
    title = "Lagrangian Optimization",
    year = "2017",
    howpublished = "\url{https://appliedprobability.blog/2017/09/30/lagrangian-optimization/}",
    note = "[Online; accessed 9-novembre-2022]"
  }